@phdthesis{volpatoDynamicPhasorTheory2025,
  type = {Doctorate {{Thesis}}},
  title = {Dynamic {{Phasor Theory}} of {{Electrical Circuits}} under {{Nonstationary Regimens}}},
  author = {Volpato, {\'A}lvaro A.},
  year = {2025},
  month = sept,
  address = {S{\~a}o Carlos},
  langid = {english},
  school = {University of S{\~a}o Paulo}
}
